@ARTICLE{1163535, 
    author={E. Hogenauer}, 
    journal={IEEE Transactions on Acoustics, Speech, and Signal Processing}, 
    title={An economical class of digital filters for decimation and interpolation}, 
    year={1981}, 
    volume={29}, 
    number={2}, 
    pages={155-162}, 
    keywords={Adders;Band pass filters;Digital filters;Finite impulse response filter;Frequency response;Hardware;Interpolation;Passband;Sampling methods;Signal sampling}, 
    doi={10.1109/TASSP.1981.1163535}, 
    ISSN={0096-3518}, 
    month={Apr},
}
@ELECTRONIC{pita:ossmann,
    author={Martin Ossmann},
    year={2014},
    month={Dec},
    title={{Red Pitaya: Mehr als ein USB-Oszilloskop!}},
    url={https://www.elektormagazine.de/articles/red-pitaya-mehr-als-ein-usb-oszilloskop},
}
@ELECTRONIC{pita:elektor:starterkit,
    author={elector international media bv},
    title={{stemlab 125-14 (starter kit)}},
    url={https://www.elektor.com/stemlab-125-14-starter-kit},
}
@ELECTRONIC{pita:readthedocs,
    author={Red Pitaya},
    title={{Welcome to the Red Pitaya Documentation}},
    year={2017},
    month={Aug},
    url={http://redpitaya.readthedocs.io/en/latest/index.html},
}
@ELECTRONIC{pita:github,
    title={Red Pitaya Ecosystem and Applications},
    author={{Red Pitaya}},
    year={2017},
    month={Aug},
    url={https://github.com/RedPitaya/RedPitaya},
}
@ARTICLE{bucher:kuery,
    title={Front-End Signal-Processing For Red Pitaya Spectrum Analyzer},
    author={Romea Bucher and Patrick Kuery},
    year={2017},
    month={Jan},
}
